@inproceedings{live_gang,
 author = {Deshpande, Umesh and Wang, Xiaoshuang and Gopalan, Kartik},
 title = {Live gang migration of virtual machines},
 booktitle = {Proceedings of the 20th international symposium on High performance distributed computing},
 series = {HPDC '11},
 year = {2011},
 isbn = {978-1-4503-0552-5},
 location = {San Jose, California, USA},
 pages = {135--146},
 numpages = {12},
 url = {http://doi.acm.org/10.1145/1996130.1996151},
 doi = {10.1145/1996130.1996151},
 acmid = {1996151},
 publisher = {ACM},
 address = {New York, NY, USA},
 keywords = {live migration, operating systems, virtual machines},
},

@INPROCEEDINGS{live_adaptive_compress,
  author={Hai Jin and Li Deng and Song Wu and Xuanhua Shi and Xiaodong Pan},
  booktitle={Cluster Computing and Workshops, 2009. CLUSTER '09. IEEE International Conference on}, title={Live virtual machine migration with adaptive, memory compression},
  year={2009},
  pages={1-10},
  keywords={fault tolerant computing;resource allocation;storage management;virtual machines;adaptive memory compression;fault tolerance;live virtual machine migration;load balancing;memory page characteristics;memory-compression-based VM migration;network overhead;power-saving;system maintenance;virtual machine service;zero-aware compression;Chromium;Computers;Degradation;Energy management;Fault tolerant systems;Load management;Power system management;Virtual machining;Virtual manufacturing;Voice mail},
  doi={10.1109/CLUSTR.2009.5289170},
  ISSN={1552-5244},
}
